@article{02267_slides,
  title={Slides from 02267 Software Development of Web Services},
  author={Hubert Baumeister},
  year={2013},
  publisher={DTU Campusnet}
}

@Book{DistSystems,
  author =	"George Coulouris, Jean Dollimore, Tim Kindberg and Gordon Blair",
  title =	"Distributed Systems: Concepts and Design",
  publisher =	"Morgan-Kaufman",
  year = 	"2011 5th edition",
  isbn  = "978-0132143011",
  address =	"Addison Wesley",
}

@book{papazoglou2008web,
  title={Web services: principles and technology},
  author={Papazoglou, Michael},
  year={2008},
  publisher={Pearson Education}
}

