
@misc{javadoc16,
author = {Java Platform Standard Ed. 6 Documentation},
title = {Documentation},
editor = {Oracle},
howpublished = {Internet},
type = {Documentation},
url = {http://download-llnw.oracle.com/javase/6/docs/},
publisher = {Oracle},
year = {2010}
}


@Book{CoDeKaMa2002.1,
  author =	"Francis Cottet and JoÃ«lle Delacroix and Claude Kaiser
		 and Zoubir Mammeri",
  title =	"Scheduling in real-time systems",
  year = 	"2002",
  month = "octobre",
  isbn = {978-0-470-84766-4},
  publisher = "John Wiley and Sons",
  keywords = "SysTrRes",
}