% This file was created with JabRef 2.3.1.
% Encoding: ISO-8859-1

@MASTERSTHESIS{knueppel2008,
  author = {Kn{\"u}ppel, Thyge},
  title = {Structural Analysis for Fault Detection and Isolation in Electrical
	Distribution Systems},
  school = {Technical University of Denmark},
  year = {2008},
  type = {Master's Thesis},
  address = {Department of Electrical Engineering, Centre for Eletric Technology
	and Section for Automation},
  month = {April},
  file = {:msc_thesis_knueppel.pdf:PDF},
  owner = {thyge},
  timestamp = {2008.05.19},
  url = {http://www.elektro.dtu.dk/forskning/eltek/projekter_uddannelse/08/tk.aspx}
}

