@Book{DistSystems,
  author =	"George Coulouris, Jean Dollimore, Tim Kindberg and Gordon Blair",
  title =	"Distributed Systems: Concepts and Design",
  publisher =	"Morgan-Kaufman",
  year = 	"2011 5th edition",
  isbn  = "978-0132143011",
  address =	"Addison Wesley",
}

@article{lamport1982byzantine,
  title={The Byzantine generals problem},
  author={Lamport, Leslie and Shostak, Robert and Pease, Marshall},
 journal={ACM Transactions on Programming Languages and Systems (TOPLAS)},
  volume={4},
  number={3},
  pages={382--401},
  year={1982},
  publisher={ACM}
}

@inproceedings{clement2009making,
  title={Making Byzantine fault tolerant systems tolerate Byzantine faults},
  author={Clement, Allen and Wong, Edmund and Alvisi, Lorenzo and Dahlin, Mike and Marchetti, Mirco},
  booktitle={Proceedings of the 6th USENIX symposium on Networked systems design and implementation},
  pages={153--168},
  year={2009},
  organization={USENIX Association}
}

@InProceedings{Liris-5968,
  title         = {{RBFT: Redundant Byzantine Fault Tolerance.}},
  author        = {Pierre-Louis {Aublin} and Sonia {Ben Mokhtar} and Vivien 
    {Quema}},
  year          = {2013},
  booktitle     = {The 33rd International Conference on Distributed Computing 
    Systems (ICDCS)},
   language      = {en},
  url           = {http://liris.cnrs.fr/publis/?id=5968},
  note          = {}
}


@Book{KoKr07,
  author =	"I. Koren and C. M. Krishna",
  title =	"Fault-Tolerant Systems",
  publisher =	"Morgan-Kaufman",
  year = 	"2007",
  address =	"San Francisco, CA",
}

@incollection{Dijkstra:1979:PCH:1241515.1241516,
 author = {Dijkstra, E.},
 chapter = {Programming considered as a human activity},
 title = {Classics in software engineering},
 editor = {Yourdon, Edward Nash},
 year = {1979},
 isbn = {0-917072-14-6},
 pages = {1--9},
 numpages = {9},
 url = {http://dl.acm.org/citation.cfm?id=1241515.1241516},
 acmid = {1241516},
 publisher = {Yourdon Press},
 address = {Upper Saddle River, NJ, USA},
} 


@article{bishop2004teaching,
  title={Teaching robust programming},
  author={Bishop, Matt and Frincke, Deborah},
  journal={Security \& Privacy, IEEE},
  volume={2},
  number={2},
  pages={54--57},
  year={2004},
  publisher={IEEE}
}

@MISC{Wikipedia:Defensive_programming,
author = {Wikipedia},
title = {Defensive programming},
month = feb,
year = {2013},
howpublished={\url{http://en.wikipedia.org/wiki/Defensive_programming/}}
}

@MISC{Wikipedia:OO_encapsulation,
author = {Wikipedia},
title = {Defensive programming},
month = feb,
year = {2013},
howpublished={\url{http://en.wikipedia.org/wiki/Encapsulation_(object-oriented_programming)}}
}

@book{taft1997ada,
  title={Ada 95 Reference Manual. Language and Standard Libraries: International Standard ISO/IEC 8652: 1995 (E)},
  author={Taft, Tucker S and Duff, Robert A},
  volume={1246},
  year={1997},
  publisher={Springer Verlag}
}

@Book{Barnes03,
  author =	"John Barnes",
  title =	"High Integrity Software: The {SPARK} Approach to
		 Safety and Security",
  publisher =	"Addison Wesley",
  year = 	"2003",
  address =	"New York, NY",
  annote =	"Includes CD-ROM. Background refrences in addition to
		 the text's cited 18 references.",
}

@inproceedings{Foulger:2001:UST:646580.697759,
 author = {Foulger, Darren and King, Steve},
 title = {Using the SPARK Toolset for Showing the Absence of Run-Time Errors in Safety-Critical Software},
 booktitle = {Proceedings of the 6th Ade-Europe International Conference Leuven on Reliable Software Technologies},
 series = {Ada Europe '01},
 year = {2001},
 isbn = {3-540-42123-8},
 pages = {229--240},
 numpages = {12},
 url = {http://portal.acm.org/citation.cfm?id=646580.697759},
 acmid = {697759},
 publisher = {Springer-Verlag},
 address = {London, UK},
}

@inproceedings{Chapman:2006:CCM:1151816.1151820,
 author = {Chapman, Roderick},
 title = {Correctness by construction: a manifesto for high integrity software},
 booktitle = {Proceedings of the 10th Australian workshop on Safety critical systems and software - Volume 55},
 series = {SCS '05},
 year = {2006},
 isbn = {1-920-68237-6},
 location = {Sydney, Australia},
 pages = {43--46},
 numpages = {4},
 url = {http://portal.acm.org/citation.cfm?id=1151816.1151820},
 acmid = {1151820},
 publisher = {Australian Computer Society, Inc.},
 address = {Darlinghurst, Australia, Australia},
 keywords = {SPARK, correctness-by-construction, safety-critical, security-critical, software engineering},
}

@inproceedings{Bordin:2007:CCH:1769168.1769177,
 author = {Bordin, Matteo and Vardanega, Tullio},
 title = {Correctness by construction for high-integrity real-time systems: a metamodel-driven approach},
 booktitle = {Proceedings of the 12th international conference on Reliable software technologies},
 series = {Ada-Europe'07},
 year = {2007},
 isbn = {978-3-540-73229-7},
 location = {Geneva, Switzerland},
 pages = {114--127},
 numpages = {14},
 url = {http://portal.acm.org/citation.cfm?id=1769168.1769177},
 acmid = {1769177},
 publisher = {Springer-Verlag},
 address = {Berlin, Heidelberg},
 keywords = {Ravenscar Profile, correctness by construction, metamodelling, model-driven architecture},
}

@article{amey2002better,
  title={{Better Can Also Be Cheaper, CrossTalk Magazine}},
  author={Amey, P. and Construction, C.B.},
  journal={The Journal of Defense Software Engineering},
  year={2002}
}

@MISC{Ada2005Rationale,
    author = {John Barnes},
    title = {Rationale for Ada 2005},
    year = {2007}
}

@article{amey2004practical,
  title={{Practical experiences of safety-and security-critical technologies}},
  author={Amey, P. and Hilton, A.J.},
  journal={ADA USER},
  volume={25},
  number={2},
  pages={98},
  year={2004}
}

@book{hollnagel2005joint,
  title={Joint cognitive systems: Foundations of cognitive systems engineering},
  author={Hollnagel, E. and Woods, D.D.},
  year={2005},
  publisher={CRC Press}
}