@book{patt2000introduction,
  title={{Introduction to Computing Systems: From Bits and Gates to C and Beyond, Osborne}},
  author={Patt, Y.N. and Patel, S.},
  year={2000},
  publisher={McGraw-Hill, Berkeley, CA}
}

@book{chu2008fpga,
  title={{FPGA prototyping by VHDL examples: Xilinx Spartan-3 version}},
  author={Chu, P.P.},
  isbn={0470185317},
  year={2008},
  publisher={Wiley-Interscience}
}

