%% This BibTeX bibliography file was created using BibDesk.
%% http://bibdesk.sourceforge.net/


%% Created for Peter Gammelgaard at 2013-12-02 17:45:15 +0100 


%% Saved with string encoding Unicode (UTF-8) 



@book{Principlesofprogramanalysis,
	Author = {Flemming Nielson and Hanne Riis Nielson and Chris Hankin},
	Date-Added = {2013-12-02 16:44:23 +0000},
	Date-Modified = {2013-12-02 16:45:15 +0000},
	Publisher = {Springer},
	Title = {Principles of program analysis},
	Year = {2005}}

@book{02242_slides,
	Author = {Hanne Riis Nielson},
	Date-Added = {2013-12-02 16:43:14 +0000},
	Date-Modified = {2013-12-02 16:43:45 +0000},
	Title = {02242 slides},
	Year = {2013}}
