@book{Deitel:2002,
author = {H. M. Deitel and P. J. Deitel and T. R. Nieto},
title = {Internet \& World Wide Web, How to Program},
publisher = {Prentice Hall},
year = 2002,
address = {Upper Saddle River, New Jersey, USA},
annote = {1366p},
}

@report{Rostgaard_VandV:2011,
author = {Kim Rostgaard Christensen},
title = {Tool-assisted V\&V},
year = 2011,
}
