%==================================================================================================
% BIBTeX
%==================================================================================================

@article{belmonte2008dispatcher,
  title={Dispatcher reliability analysis: SPICA-Rail experiment.},
  author={Belmonte, F. and Boulanger, J.L. and Sch{\"o}n, W. and others},
  year={2008}
}

@figure{
http://en.wikipedia.org/wiki/File:Biological_clock_human.svg
}

@article{mallis2010aircrew,
  title={Aircrew fatigue, sleep need and circadian rhythmicity},
  author={Mallis, MM and Banks, S. and Dinges, DF},
  journal={Human factors in aviation},
  volume={2},
  pages={401--436},
  year={2010},
  publisher={Academic Press}
}

@book{hollnagel2004barriers,
  title={Barriers and accident prevention},
  author={Hollnagel, E.},
  year={2004},
  publisher={Ashgate Pub Ltd}
}

@book{hollnagel2005joint,
  title={Joint cognitive systems: Foundations of cognitive systems engineering},
  author={Hollnagel, E. and Woods, D.D.},
  year={2005},
  publisher={CRC Press}
}


@article{belmonte2011interdisciplinary,
  title={Interdisciplinary safety analysis of complex socio-technological systems based on the functional resonance accident model: An application to railway trafficsupervision},
  author={Belmonte, F. and Sch{\"o}n, W. and Heurley, L. and Capel, R.},
  journal={Reliability Engineering \& System Safety},
  volume={96},
  number={2},
  pages={237--249},
  year={2011},
  publisher={Elsevier}
}

@article{hollnagel1983cognitive,
  title={Cognitive systems engineering: New wine in new bottles},
  author={Hollnagel, E. and Woods, D.D.},
  journal={International Journal of Man-Machine Studies},
  volume={18},
  number={6},
  pages={583--600},
  year={1983},
  publisher={Elsevier}
}
