@article{kennedy1996functional,
  title={Functional Pearls},
  author={Kennedy, Andrew J},
  journal={Journal of Functional Programming},
  volume={6},
  number={03},
  pages={527--534},
  year={1996},
  publisher={Cambridge Univ Press}
}
